<?xml version="1.0" encoding="UTF-8"?><record xmlns="http://www.loc.gov/MARC21/slim" xmlns:cinclude="http://apache.org/cocoon/include/1.0" xmlns:zs="http://www.loc.gov/zing/srw/">
  <leader>00384cz  a2200121n  4500</leader>
  <controlfield tag="001">n 2001068382</controlfield>
  <controlfield tag="003">DLC</controlfield>
  <controlfield tag="005">20060725113123.0</controlfield>
  <controlfield tag="008">010809n| acannaabn          |n aaa      </controlfield>
  <datafield tag="010" ind1=" " ind2=" ">
    <subfield code="a">n 2001068382</subfield>
  </datafield>
  <datafield tag="040" ind1=" " ind2=" ">
    <subfield code="a">DLC</subfield>
    <subfield code="b">eng</subfield>
    <subfield code="c">DLC</subfield>
    <subfield code="d">DLC</subfield>
  </datafield>
  <datafield tag="100" ind1="1" ind2=" ">
    <subfield code="a">Blancafort, Manuel,</subfield>
    <subfield code="d">1897-1987.</subfield>
    <subfield code="t">Preludio, aria e giga,</subfield>
    <subfield code="m">orchestra</subfield>
  </datafield>
  <datafield tag="670" ind1=" " ind2=" ">
    <subfield code="a">Blancafort, Manuel. Preludio, aria e giga, orquestra simfoĚnica, c1997</subfield>
  </datafield>
</record>